@article{ Eltsov2000,
	key = "Eltsov2000",
	author = "V. B. Eltsov and T. W. B. Kibble and M. Krusius and V. M. H. Ruutu and G. E. Volovik",
	title = "Composite Defect Extends Analogy between Cosmology and {H}e-3",
	journal = "Phys. Rev. Lett.",
	pages = "4739-4742",
	year = "2000",
	volume = "85",
	number = "22"
}

@article{ SavineHuge2020,
	key = "SavineHuge2020",
	author = "B. Huge, A. Savine",
	title = "Differential machine learning: the shape of things to come",
	journal = "Risk Magazine",
	year = "2020",
	number = "22"
}

@online{knuthwebsite,
    author = "Donald Knuth",
    title = "Knuth: Computers and Typesetting",
    url  = "http://www-cs-faculty.stanford.edu/~uno/abcde.html",
    addendum = "(accessed: 01.09.2016)",
    keywords = "latex,knuth"
}
