@article{einstein,
    author = "Albert Einstein",
    title = "{Zur Elektrodynamik bewegter K{\"o}rper}. ({German})
    [{On} the electrodynamics of moving bodies]",
    journal = "Annalen der Physik",
    volume = "322",
    number = "10",
    pages = "891--921",
    year = "1905",
    DOI = "http://dx.doi.org/10.1002/andp.19053221004",
    keywords = "physics"
}

@book{dirac,
    title = {The Principles of Quantum Mechanics},
    author = {Paul Adrien Maurice Dirac},
    isbn = {9780198520115},
    series = {International series of monographs on physics},
    year = {1981},
    publisher = {Clarendon Press},
    keywords = {physics}
}

@online{knuthwebsite,
    author = "Donald Knuth",
    title = "Knuth: Computers and Typesetting",
    url  = "http://www-cs-faculty.stanford.edu/~uno/abcde.html",
    addendum = "(accessed: 01.09.2016)",
    keywords = "latex,knuth"
}

@inbook{knuth-fa,
    author = "Donald E. Knuth",
    title = "Fundamental Algorithms",
    publisher = "Addison-Wesley",
    year = "1973",
    chapter = "1.2",
    keywords  = "knuth,programming"
}

@book{Borj,
    title = {Arbitrage Theory in Continuous Time},
    author = {Tomas Bj√∂rk},
    isbn = {978-0198851615},
    series = {Oxford Finance Series},
    year = {2020},
    publisher = {Oxford University Press},
    keywords = {Quantitative Finance}
}


@online{HugeSavine,
    author = "Huge, Brian Norsk and Savine, Antoine",
    title = "Differential Machine Learning",
    url  = "https://ssrn.com/abstract=3591734",
    addendum = "",
    keywords = ""
}

@online{FRTB,
    author = "Basel Committee
on Banking Supervision",
    title = "Minimum capital requirements for market risk",
    url  = "https://www.bis.org/bcbs/publ/d457.pdf",
    addendum = "",
    keywords = ""
}

